%% This BibTeX bibliography file was created using BibDesk.
%% http://bibdesk.sourceforge.net/


%% Created for Qiaoqiao Zhou at 2017-02-22 15:23:08 +0800 


%% Saved with string encoding Unicode (UTF-8) 

@article{fortunato2016community,
  title={Community detection in networks: A user guide},
  author={Fortunato, Santo and Hric, Darko},
  journal={Physics Reports},
  volume={659},
  pages={1--44},
  year={2016},
  publisher={Elsevier}
}
	

@article{kolmogorov10,
	Author = {Kolmogorov, Vladimir},
	Journal = {Algorithmica},
	Number = {4},
	Pages = {394--412},
	Publisher = {Springer},
	Title = {A faster algorithm for computing the principal sequence of partitions of a graph},
	Volume = {56},
	Year = {2010}}

@article{blondel2008fast,
  title={Fast unfolding of communities in large networks},
  author={Blondel, Vincent D and Guillaume, Jean-Loup and Lambiotte, Renaud and Lefebvre, Etienne},
  journal={Journal of statistical mechanics: theory and experiment},
  volume={2008},
  number={10},
  pages={P10008},
  year={2008},
  publisher={IOP Publishing}
}

@article{kannan2004clusterings,
  title={On clusterings: Good, bad and spectral},
  author={Kannan, Ravi and Vempala, Santosh and Vetta, Adrian},
  journal={Journal of the ACM (JACM)},
  volume={51},
  number={3},
  pages={497--515},
  year={2004},
  publisher={ACM}
}



@article{shi2000normalized,
  title={Normalized cuts and image segmentation},
  author={Shi, Jianbo and Malik, Jitendra},
  journal={IEEE Transactions on pattern analysis and machine intelligence},
  volume={22},
  number={8},
  pages={888--905},
  year={2000},
  publisher={Ieee}
}

@article{newman2004fast,
  title={Fast algorithm for detecting community structure in networks},
  author={Newman, Mark EJ},
  journal={Physical review E},
  volume={69},
  number={6},
  pages={066133},
  year={2004},
  publisher={APS}
}

@article{leicht:digraph-modularity,
  title={Community structure in directed networks},
  author={Leicht, Elizabeth A and Newman, Mark EJ},
  journal={Physical review letters},
  volume={100},
  number={11},
  pages={118703},
  year={2008},
  publisher={APS}
}

@article{rosvall:infomap,
  title={Maps of random walks on complex networks reveal community structure},
  author={Rosvall, Martin and Bergstrom, Carl T},
  journal={Proceedings of the National Academy of Sciences},
  volume={105},
  number={4},
  pages={1118--1123},
  year={2008},
  publisher={National Acad Sciences}
}

@article{radicchi:defining,
  title={Defining and identifying communities in networks},
  author={Radicchi, Filippo and Castellano, Claudio and Cecconi, Federico and Loreto, Vittorio and Parisi, Domenico},
  journal={Proceedings of the National Academy of Sciences of the United States of America},
  volume={101},
  number={9},
  pages={2658--2663},
  year={2004},
  publisher={National Acad Sciences}
}

@inproceedings{flake:efficient,
  title={Efficient identification of web communities},
  author={Flake, Gary William and Lawrence, Steve and Giles, C Lee},
  booktitle={Proceedings of the sixth ACM SIGKDD international conference on Knowledge discovery and data mining},
  pages={150--160},
  year={2000},
  organization={ACM}
}

@article{flake:cut-clustering,
  title={Graph clustering and minimum cut trees},
  author={Flake, Gary William and Tarjan, Robert E and Tsioutsiouliklis, Kostas},
  journal={Internet Mathematics},
  volume={1},
  number={4},
  pages={385--408},
  year={2004},
  publisher={Taylor \& Francis}
}



@article{csiszar00,
	Author = {Imre Csisz{\'{a}}r and Prakash Narayan},
	Date-Added = {2017-02-21 18:03:46 +0000},
	Date-Modified = {2017-02-21 18:04:50 +0000},
	Doi = {10.1109/18.825796},
	Issn = {0018-9448},
	Journal = {IEEE Trans. Inf. Theory},
	Keywords = {channel capacity;memoryless systems;public key cryptography;random processes;common randomness generation;discrete memoryless multiple source;helper terminal;information transmission;lower bounds;maximum rate;noiseless public channel;public channel;rate constraint;secrecy conditions;secret key generation;single-letter capacity formulas;user terminals;wiretapper;Artificial satellites;Bandwidth;Chromium;Communication networks;Information theory;Mathematics;NASA;Noise generators;Procurement;Protocols},
	Month = {Mar},
	Number = {2},
	Pages = {344-366},
	Title = {Common randomness and secret key generation with a helper},
	Volume = {46},
	Year = {2000},
	Bdsk-Url-1 = {http://dx.doi.org/10.1109/18.825796}}

@article{csiszar04,
	Author = {Imre Csisz{\'{a}}r and Prakash Narayan},
	Date-Added = {2017-02-21 17:54:09 +0000},
	Date-Modified = {2017-02-21 17:54:54 +0000},
	Doi = {10.1109/TIT.2004.838380},
	Issn = {0018-9448},
	Journal = {IEEE Trans. Inf. Theory},
	Keywords = {cryptography;memoryless systems;random processes;telecommunication security;Slepian-Wolf constraint;discrete memoryless multiple source;eavesdropper knowledge;interactive public communication;multiple terminals;multiterminal source coding;noninteractive communication;private key capacity;public discussion;random process;secrecy capacity;secrecy generation;secret key capacity;security index;wiretap secret key capacity;Character generation;Information theory;Mathematics;Mutual information;Random variables;Security;Source coding;Upper bound;211;Wolf constraints;65;Common randomness;Slepian&amp;#;multiple source;private key;public discussion;secrecy capacity;security index;wiretap},
	Month = {Dec},
	Number = {12},
	Pages = {3047-3061},
	Title = {Secrecy capacities for multiple terminals},
	Volume = {50},
	Year = {2004},
	Bdsk-Url-1 = {http://dx.doi.org/10.1109/TIT.2004.838380}}

@inproceedings{chan10md,
	Author = {Chung Chan and Lizhong Zheng},
	Booktitle = {Proc.\ 44th Annu.\ Conf.\ Inf.\ Sci.\ Syst. (CISS)},
	Date-Added = {2017-02-21 17:53:17 +0000},
	Date-Modified = {2017-02-22 07:08:17 +0000},
	Doi = {10.1109/CISS.2010.5464805},
	Keywords = {broadcast channels;computer network security;cryptography;network coding;connectivity information flow;mutual dependence;network coding problems;network information flow;secrecy problem;secret key agreement;source networks;undirected broadcast links;Broadcasting;Channel coding;Entropy;Information theory;Laboratories;Mutual information;Network coding;Random variables;Throughput;Upper bound;Secret key agreement;mutual dependence;network coding;partition connectivity;supermodularity},
	Month = {March},
	Pages = {1-6},
	Title = {Mutual dependence for secret key agreement},
	Year = {2010},
	Bdsk-Url-1 = {http://dx.doi.org/10.1109/CISS.2010.5464805}}

@inproceedings{mukherjee14,
	Author = {M. Mukherjee and N. Kashyap and Y. Sankarasubramaniam},
	Booktitle = {Proc.\ 2014 IEEE Int.\ Symp.\ Inf.\ Theory (ISIT'14)},
	Date-Added = {2017-02-21 17:52:32 +0000},
	Date-Modified = {2017-02-22 07:08:59 +0000},
	Doi = {10.1109/ISIT.2014.6875014},
	Issn = {2157-8095},
	Keywords = {information theory;private key cryptography;telecommunication terminals;SK capacity;information-theoretic sufficient condition;maximum rate secret key;multiterminal source model;three-terminal source model;Buildings;Cryptography;Electronic mail;Information theory;Joints;Random variables;Standards},
	Month = {June},
	Pages = {1156-1160},
	Title = {Achieving SK capacity in the source model: When must all terminals talk?},
	Year = {2014},
	Bdsk-Url-1 = {http://dx.doi.org/10.1109/ISIT.2014.6875014}}

@inproceedings{zhang15,
	Author = {H. Zhang and Y. Liang and L. Lai},
	Booktitle = {Proc.\ 2015 IEEE Int.\ Symp.\ Inf.\ Theory (ISIT'15)},
	Date-Added = {2017-02-21 17:51:41 +0000},
	Date-Modified = {2017-02-22 07:11:23 +0000},
	Doi = {10.1109/ISIT.2015.7282463},
	Issn = {2157-8095},
	Keywords = {cryptography;cryptography;multiterminal source model;secret key capacity;secret key generation;Complexity theory;Cryptography;Electronic mail;Markov processes;Minimization;Mutual information;Mutual dependence;omniscience scheme;secret key capacity;source model},
	Month = {June},
	Pages = {291-295},
	Title = {Secret key capacity: Talk or keep silent?},
	Year = {2015},
	Bdsk-Url-1 = {http://dx.doi.org/10.1109/ISIT.2015.7282463}}

@inproceedings{chan15so,
	Author = {C. Chan and A. Al-Bashabsheh and J. B. Ebrahimi and T. Kaced and S. Kadhe and T. Liu and A. Sprintson and M. Yan and Q. Zhou},
	Booktitle = {Proc.\ 2015 IEEE Int.\ Symp.\ Netw.\ Coding (NetCod'11)},
	Date-Added = {2017-02-21 17:51:06 +0000},
	Date-Modified = {2017-02-22 07:18:42 +0000},
	Doi = {10.1109/NETCOD.2015.7176782},
	Issn = {2374-9660},
	Keywords = {private key cryptography;distributed storage system;message exchange;secret key agreement;successive omniscience;Correlation;IP networks;Mutual information;Network coding;Servers;Zinc;Successive omniscience;data storage;multivariate mutual information;secret key agreement},
	Month = {June},
	Pages = {21-25},
	Title = {Successive omniscience},
	Year = {2015},
	Bdsk-Url-1 = {http://dx.doi.org/10.1109/NETCOD.2015.7176782}}

@inproceedings{mukherjee15,
	Author = {M. Mukherjee and N. Kashyap},
	Booktitle = {Proc.\ 2015 IEEE Int.\ Symp.\ Inf.\ Theory (ISIT'15)},
	Date-Added = {2017-02-21 17:49:38 +0000},
	Date-Modified = {2017-02-22 07:12:34 +0000},
	Doi = {10.1109/ISIT.2015.7282464},
	Issn = {2157-8095},
	Keywords = {channel capacity;private key cryptography;telecommunication network topology;PIN models;communication complexity;hypergraphs;multiterminal source model;pairwise independent network models;public communication;secret key capacity;Complexity theory;Computational modeling;Linearity;Protocols;Random variables;Upper bound;Zinc},
	Month = {June},
	Pages = {296-300},
	Title = {The communication complexity of achieving {SK} capacity in a class of {PIN} models},
	Year = {2015},
	Bdsk-Url-1 = {http://dx.doi.org/10.1109/ISIT.2015.7282464}}

@article{MKS16,
	Author = {M. Mukherjee and N. Kashyap and Y. Sankarasubramaniam},
	Date-Added = {2017-02-21 17:49:07 +0000},
	Date-Modified = {2017-02-21 17:58:23 +0000},
	Doi = {10.1109/TIT.2016.2533546},
	Issn = {0018-9448},
	Journal = {IEEE Trans. Inf. Theory},
	Keywords = {communication complexity;Csisz{\'a}r;Narayan;PIN models;SK capacity;communication complexity;hypergraphs;maximal-rate SK;maximal-rate secret key;multiterminal source model;omnivocality;pairwise independent network;polynomial time;public communication;three-terminal source models;two-terminal scenario;Buildings;Complexity theory;Computational modeling;Indexes;Linearity;Protocols;Upper bound;Communication complexity;PIN model;information-theoretic security;informationtheoretic security;secret key generation},
	Month = {July},
	Number = {7},
	Pages = {3811-3830},
	Title = {On the Public Communication Needed to Achieve SK Capacity in the Multiterminal Source Model},
	Volume = {62},
	Year = {2016},
	Bdsk-Url-1 = {http://dx.doi.org/10.1109/TIT.2016.2533546}}

@inproceedings{mukherjee16,
	Author = {M. Mukherjee and C. Chan and N. Kashyap and Q. Zhou},
	Booktitle = {Proc.\ 2016 IEEE Int.\ Symp.\ Inf.\ Theory (ISIT'16)},
	Date-Added = {2017-02-21 17:47:35 +0000},
	Date-Modified = {2017-02-22 07:13:23 +0000},
	Doi = {10.1109/ISIT.2016.7541750},
	Keywords = {communication complexity;graph theory;polynomials;private key cryptography;SK capacity;SK generation;communication complexity;communication rate;hypergraphical source model;multiterminal source model;polynomial time;secret key generation;Complexity theory;Computational modeling;Network coding;Protocols;Random variables;Upper bound},
	Month = {July},
	Pages = {2504-2508},
	Title = {Bounds on the communication rate needed to achieve {SK} capacity in the hypergraphical source model},
	Year = {2016},
	Bdsk-Url-1 = {http://dx.doi.org/10.1109/ISIT.2016.7541750}}

@inproceedings{chan11isit,
	Author = {C. Chan},
	Booktitle = {Proc.\ 2011 IEEE Int.\ Symp.\ Inf.\ Theory (ISIT'11)},
	Date-Added = {2017-02-21 17:46:31 +0000},
	Date-Modified = {2017-02-22 07:14:17 +0000},
	Doi = {10.1109/ISIT.2011.6034285},
	Issn = {2157-8095},
	Keywords = {cryptography;information theory;network coding;telecommunication security;information identity;multiterminal secret key agreement problem;mutual dependence;network coding;partition connectivity;secrecy capacity;undirected network;Bismuth;Entropy;Minimization;Network coding;Random variables;Throughput},
	Month = {July},
	Pages = {978-982},
	Title = {The hidden flow of information},
	Year = {2011},
	Bdsk-Url-1 = {http://dx.doi.org/10.1109/ISIT.2011.6034285}}

@inproceedings{milosavljevic11,
	Author = {N. Milosavljevic and S. Pawar and S. El Rouayheb and M. Gastpar and K. Ramchandran},
	Booktitle = {Proc.\ 2011 IEEE Int.\ Symp.\ Inf.\ Theory (ISIT'11)},
	Date-Added = {2017-02-21 17:43:57 +0000},
	Date-Modified = {2017-02-22 07:14:42 +0000},
	Doi = {10.1109/ISIT.2011.6034157},
	Issn = {2157-8095},
	Keywords = {cooperative communication;divide and conquer methods;electronic data interchange;polynomials;broadcast linear combinations;cooperative data exchange problem;divide and conquer based architecture;polynomial time deterministic algorithm;public channel;Base stations;Correlation;Entropy;Partitioning algorithms;Polynomials;Resource management;Vectors},
	Month = {July},
	Pages = {410-414},
	Title = {Deterministic algorithm for the cooperative data exchange problem},
	Year = {2011},
	Bdsk-Url-1 = {http://dx.doi.org/10.1109/ISIT.2011.6034157}}

@inproceedings{liu10,
	Author = {W. Liu and G. Xu and B. Chen},
	Booktitle = {2010 48th Annual Allerton Conference on Communication, Control, and Computing (Allerton)},
	Date-Added = {2017-02-21 17:41:52 +0000},
	Date-Modified = {2017-02-21 17:42:32 +0000},
	Doi = {10.1109/ALLERTON.2010.5706995},
	Keywords = {Gray codes;decoding;source coding;G{\'a}cs common randomness;Gray-Wyner source coding network;K{\"o}rners common randomness;N random variables;Shannons mutual information;Wyners common information;coding theorems;decoders;source sequences;Decoding;Generators;Joints;Mutual information;Program processors;Random variables;Source coding},
	Month = {Sept},
	Pages = {836-843},
	Title = {The common information of {$N$} dependent random variables},
	Year = {2010},
	Bdsk-Url-1 = {http://dx.doi.org/10.1109/ALLERTON.2010.5706995}}

@inproceedings{chan16allerton,
	Author = {C. Chan and A. Al-Bashabsheh and Q. Zhou and T. Liu},
	Booktitle = {2016 54th Annual Allerton Conference on Communication, Control, and Computing (Allerton)},
	Date-Added = {2017-02-21 13:21:27 +0000},
	Date-Modified = {2017-02-21 13:21:40 +0000},
	Doi = {10.1109/ALLERTON.2016.7852222},
	Keywords = {Entropy;Input variables;Lattices;Mutual information;Network coding;Random variables;Training},
	Month = {Sept},
	Pages = {142-147},
	Title = {Duality between feature selection and data clustering},
	Year = {2016},
	Bdsk-Url-1 = {http://dx.doi.org/10.1109/ALLERTON.2016.7852222}}

@inproceedings{chan16isit,
	Author = {C. Chan and A. Al-Bashabsheh and Q. Zhou},
	Booktitle = {Proc.\ 2016 IEEE Int.\ Symp.\ Inf.\ Theory (ISIT'16)},
	Date-Added = {2017-02-21 13:17:35 +0000},
	Date-Modified = {2017-02-22 07:13:35 +0000},
	Doi = {10.1109/ISIT.2016.7541752},
	Keywords = {combinatorial mathematics;private key cryptography;random processes;combinatorial structure;decremental secret key agreement;incremental secret key agreement;multiterminal secret key agreement problems;multivariate mutual information;random variables;redundant common randomness removal;secrecy capacity;source model;Entropy;IP networks;Mutual information;Network coding;Random variables;Resource management;multivariate mutual information;principal sequence of partitions;secret key agreement},
	Month = {July},
	Pages = {2514-2518},
	Title = {Incremental and decremental secret key agreement},
	Year = {2016},
	Bdsk-Url-1 = {http://dx.doi.org/10.1109/ISIT.2016.7541752}}

@inproceedings{chen16,
	Author = {Q. Chen and F. Cheng and T. Liu and R. W. Yeung},
	Booktitle = {Proc.\ 2015 IEEE Int.\ Symp.\ Inf.\ Theory (ISIT'15)},
	Date-Added = {2017-02-21 13:16:39 +0000},
	Date-Modified = {2017-02-22 07:20:39 +0000},
	Doi = {10.1109/ISIT.2015.7282600},
	Issn = {2157-8095},
	Keywords = {entropy;Shannon-type information inequalities;almost entropic region;conditional mutual independence constraint;entropy functions;explicit lower bound;generalised Wyner common information;marginalisation constraint;Artificial neural networks;Channel coding;Cramer-Rao bounds;Entropy;Gold;Network coding;Random variables},
	Month = {June},
	Pages = {974-978},
	Title = {A marginal characterization of entropy functions for conditional mutually independent random variables (with application to Wyner's common information)},
	Year = {2015},
	Bdsk-Url-1 = {http://dx.doi.org/10.1109/ISIT.2015.7282600}}

@article{chan16cluster,
	Author = {C. Chan and A. Al-Bashabsheh and Q. Zhou and T. Kaced and T. Liu},
	Date-Added = {2017-02-21 13:13:58 +0000},
	Date-Modified = {2017-02-21 13:13:58 +0000},
	Doi = {10.1109/TMBMC.2016.2630054},
	Journal = {IEEE Transactions on Molecular, Biological and Multi-Scale Communications},
	Keywords = {Genome;connectome;data clustering;multivariate mutual information;principal sequence of partitions},
	Month = {June},
	Number = {1},
	Pages = {64-91},
	Title = {Info-Clustering: A Mathematical Theory for Data Clustering},
	Volume = {2},
	Year = {2016},
	Bdsk-Url-1 = {http://dx.doi.org/10.1109/TMBMC.2016.2630054}}

@inproceedings{chan16itw,
	Author = {C. Chan and M. Mukherjee and N. Kashyap and Q. Zhou},
	Booktitle = {Proc.\ 2016 IEEE Inf.\ Theory Workshop (ITW'16)},
	Date-Added = {2017-02-21 13:11:41 +0000},
	Date-Modified = {2017-02-22 07:13:00 +0000},
	Doi = {10.1109/ITW.2016.7606855},
	Keywords = {communication complexity;telecommunication security;communication complexity;multiterminal secret key agreement problem;multivariate mutual information measure;omniscience;private randomization;private source model;rate-optimal strategy;secret key capacity;Conferences;Pins;Power capacitors},
	Month = {Sept},
	Pages = {354-358},
	Title = {When is omniscience a rate-optimal strategy for achieving secret key capacity?},
	Year = {2016},
	Bdsk-Url-1 = {http://dx.doi.org/10.1109/ITW.2016.7606855}}

@article{courtade16,
	Author = {T. A. Courtade and T. R. Halford},
	Date-Added = {2017-02-21 13:09:53 +0000},
	Date-Modified = {2017-02-21 13:11:01 +0000},
	Doi = {10.1109/TIT.2016.2539347},
	Issn = {0018-9448},
	Journal = {IEEE Trans. Inf. Theory},
	Keywords = {cooperative communication;linear codes;network coding;private key cryptography;probability;telecommunication security;NP-hard problems;coded cooperative data exchange problem;linear coding;linear transmissions;probability;public transmissions;secret key generation;statistically independent secret keys;Electrical engineering;Electronic mail;Encoding;Indexes;Network coding;Protocols;Random variables;Coded cooperative data exchange;network coding;secrecy;universal recovery},
	Month = {July},
	Number = {7},
	Pages = {3785-3795},
	Title = {Coded Cooperative Data Exchange for a Secret Key},
	Volume = {62},
	Year = {2016},
	Bdsk-Url-1 = {http://dx.doi.org/10.1109/TIT.2016.2539347}}

@book{eggleston1958convexity,
	Author = {Eggleston, Harold Gordon},
	Number = {47},
	Publisher = {CUP Archive},
	Title = {Convexity},
	Year = {1958}}

@article{chan17csr,
	Author = {Chan, Chung and Mukherjee, Manuj and Kashyap, Navin and Zhou, Qiaoqiao},
	Journal = {arXiv preprint arXiv:1701.05008},
	Title = {Secret Key Agreement under Discussion Rate Constraints},
	Year = {2017}}

@inproceedings{chan11delay,
	Address = {Allerton Retreat Center, Monticello, Illinois},
	Author = {Chung Chan},
	Booktitle = {Forty-Ninth Annual Allerton Conference on Communication, Control, and Computing},
	Days = {28-30},
	Month = sep,
	Optnote = {9~pages, double column},
	Title = {Delay of linear perfect secret key agreement},
	Year = {2011}}

@article{BB12,
	Author = {Balister, Paul and Bollob{\'a}s, B{\'e}la},
	Date-Added = {2016-03-20 07:05:08 +0000},
	Date-Modified = {2016-03-20 07:05:41 +0000},
	Journal = {Combinatorica},
	Number = {2},
	Pages = {125--141},
	Publisher = {Springer},
	Title = {Projections, entropy and sumsets},
	Volume = {32},
	Year = {2012}}

@article{wyner75,
	Author = {A. Wyner},
	Date-Added = {2016-03-18 16:16:19 +0000},
	Date-Modified = {2017-02-21 13:14:44 +0000},
	Doi = {10.1109/TIT.1975.1055346},
	Issn = {0018-9448},
	Journal = {IEEE Trans. Inf. Theory},
	Keywords = {Information rates;Random variables;Source coding;Binary sequences;Entropy;Equations;Probability distribution;Random sequences;Random variables},
	Month = {Mar},
	Number = {2},
	Pages = {163-179},
	Title = {The common information of two dependent random variables},
	Volume = {21},
	Year = {1975},
	Bdsk-Url-1 = {http://dx.doi.org/10.1109/TIT.1975.1055346}}

@article{madiman10,
	Author = {M. Madiman and P. Tetali},
	Date-Modified = {2017-02-21 13:07:55 +0000},
	Doi = {10.1109/TIT.2010.2046253},
	Issn = {0018-9448},
	Journal = {IEEE Trans. Inf. Theory},
	Keywords = {channel coding;entropy;graph theory;matrix algebra;source coding;Shannon-type inequalities;arbitrary graph;combinatorics;determinantal inequalities;inequalities generalize Shannon's chain rule;information inequalities;joint distributions;lower bound duality;matrix theory;relative entropy;submodular functions;subset joint entropy;upper bound duality;zero-error source-channel codes;Combinatorial mathematics;Computer science;Cramer-Rao bounds;Density measurement;Entropy;Information theory;Linear matrix inequalities;Physics;Random variables;Upper bound;Entropy-based counting;entropy inequality;inequality for minors;submodularity},
	Month = {June},
	Number = {6},
	Pages = {2699-2713},
	Title = {Information Inequalities for Joint Distributions, With Interpretations and Applications},
	Volume = {56},
	Year = {2010},
	Bdsk-Url-1 = {http://dx.doi.org/10.1109/TIT.2010.2046253}}

@article{chan16so,
	Author = {C. Chan and A. Al-Bashabsheh and Q. Zhou and N. Ding and T. Liu and A. Sprintson},
	Doi = {10.1109/TIT.2016.2555923},
	Issn = {0018-9448},
	Journal = IEEE_J_It,
	Keywords = {Bandwidth;Decoding;Mutual information;Network coding;Random variables;Servers;Zinc;Successive omniscience;data storage;multivariate mutual information;secret key agreement},
	Month = {June},
	Number = {6},
	Pages = {3270-3289},
	Title = {Successive Omniscience},
	Volume = {62},
	Year = {2016},
	Bdsk-Url-1 = {http://dx.doi.org/10.1109/TIT.2016.2555923}}

@phdthesis{misra14,
	Author = {Misra, Vinith},
	Optmonth = sep,
	Optnote = {see \href{http://sites.google.com/site/chungcmit/pub}{[1]}},
	School = {Stanford University, Dept. of Electrical Engineering},
	Title = {Universal communication and clustering},
	Url = {https://purl.stanford.edu/qy991fq9479},
	Year = {2014},
	Bdsk-Url-1 = {https://purl.stanford.edu/qy991fq9479}}

@book{fujishige05,
	Author = {Satoru Fujishige},
	Edition = {2},
	Publisher = {Elsevier},
	Title = {Submodular functions and optimization},
	Year = {2005}}

@article{fujishige84,
	Author = {Fujishige, Satoru},
	Doi = {10.1007/BF02592217},
	Issn = {0025-5610},
	Journal = {Mathematical Programming},
	Keywords = {Submodular Functions; Crossing Families; Base Polyhedra},
	Language = {English},
	Number = {2},
	Opturl = {http://dx.doi.org/10.1007/BF02592217},
	Pages = {125-141},
	Publisher = {Springer-Verlag},
	Title = {Structures of polyhedra determined by submodular functions on crossing families},
	Volume = {29},
	Year = {1984},
	Bdsk-Url-1 = {http://dx.doi.org/10.1007/BF02592217}}

@article{fujishige88,
	Author = {Fujishige, Satoru},
	Doi = {10.1007/BF01589419},
	Issn = {0025-5610},
	Journal = {Mathematical Programming},
	Keywords = {Submodular functions; co-intersecting families; polyhedra},
	Language = {English},
	Number = {1-3},
	Opturl = {http://dx.doi.org/10.1007/BF01589419},
	Pages = {565-577},
	Publisher = {Springer-Verlag},
	Title = {Optimization over the polyhedron determined by a submodular function on a co-intersecting family},
	Volume = {42},
	Year = {1988},
	Bdsk-Url-1 = {http://dx.doi.org/10.1007/BF01589419}}

@article{fujishige80,
	Author = {Fujishige, Satoru},
	Journal = {Mathematics of Operations Research},
	Number = {2},
	Pages = {186--196},
	Publisher = {INFORMS},
	Title = {Lexicographically optimal base of a polymatroid with respect to a weight vector},
	Volume = {5},
	Year = {1980}}

@incollection{fujishige-pp-revisited,
	Author = {Fujishige, Satoru},
	Booktitle = {Research Trends in Combinatorial Optimization},
	Pages = {127--162},
	Publisher = {Springer},
	Title = {Theory of principal partitions revisited},
	Year = {2009}}

@inproceedings{guyon2009clustering,
	Author = {Guyon, Isabelle and Von Luxburg, Ulrike and Williamson, Robert C},
	Booktitle = {NIPS 2009 Workshop on Clustering Theory},
	Title = {Clustering: Science or art},
	Year = {2009}}

@inproceedings{von2012clustering,
	Author = {Von Luxburg, Ulrike and Williamson, Robert C and Guyon, Isabelle},
	Booktitle = {ICML Unsupervised and Transfer Learning},
	Pages = {65--80},
	Title = {Clustering: Science or art?},
	Year = {2012}}

@article{chan2008tightness,
	Author = {Chan, Chung},
	Journal = {arXiv preprint arXiv:0805.3200},
	Title = {On Tightness of Mutual Dependence Upperbound for Secret-key Capacity of Multiple Terminals},
	Year = {2008}}

@inproceedings{chan12ud,
	Author = {Chung Chan},
	Booktitle = {Information Theory Proceedings (ISIT), 2012 IEEE International Symposium on},
	Doi = {10.1109/ISIT.2012.6283513},
	Issn = {2157-8095},
	Keywords = {network coding;telecommunication security;directed network;distributed source;linear matroid;matroidal undirected network;multicasting optimal direction;public discussion;secret key agreement problem;secure source coding;undirected graphical model;Multicast communication;Network coding;Polynomials;Source coding;Vectors},
	Month = {July},
	Pages = {1498-1502},
	Title = {Matroidal undirected network},
	Year = {2012},
	Bdsk-Url-1 = {http://dx.doi.org/10.1109/ISIT.2012.6283513}}

@article{ahlswede93,
	Author = {Rudolf Ahlswede and Imre Csisz{\'{a}}r},
	Date-Modified = {2017-02-21 13:12:46 +0000},
	Doi = {10.1109/18.243431},
	Journal = {IEEE Trans. Inf. Theory},
	Month = jul,
	Number = {4},
	Pages = {1121--1132},
	Title = {Common Randomness in Information Theory and Cryptography---{P}art {I}: Secret Sharing},
	Volume = {39},
	Year = {1993},
	Bdsk-Url-1 = {http://dx.doi.org/10.1109/18.243431}}

@article{maurer93,
	Author = {Ueli M. Maurer},
	Date-Modified = {2017-02-21 13:12:56 +0000},
	Journal = {IEEE Trans. Inf. Theory},
	Number = {3},
	Pages = {733--742},
	Title = {Secret Key Agreement by Public Discussion from Common Information},
	Volume = {39},
	Year = {1993}}

@inproceedings{chan13isit,
	Author = {Chung Chan},
	Booktitle = {Information Theory Proceedings (ISIT), 2013 IEEE International Symposium on},
	Doi = {10.1109/ISIT.2013.6620334},
	Issn = {2157-8095},
	Keywords = {network theory (graphs);polynomials;Mengers theorem;cyclic linking network;directed cyclic graphical network;general network link model;layered linking network;linear deterministic network;maximum flow;min-cut value;optimal path decomposition;polynomial-time algorithms;shortest path;Bipartite graph;Heuristic algorithms;Interference;Joining processes;Network coding;Ports (Computers);Menger's theorem;cyclic network;linear deterministic network;linking system;matroid;max-flow min-cut},
	Month = {July},
	Pages = {789-793},
	Title = {Cyclic linking network},
	Year = {2013},
	Bdsk-Url-1 = {http://dx.doi.org/10.1109/ISIT.2013.6620334}}

@inproceedings{chan13itw,
	Author = {Chan, Chung and Shum, Kenneth W. and Sun, Qifu Tyler},
	Booktitle = {Information Theory Workshop (ITW), 2013 IEEE},
	Doi = {10.1109/ITW.2013.6691270},
	Keywords = {cyclic network;linear deterministic network;linking system;multicast;network coding},
	Month = {Sept},
	Pages = {1-5},
	Title = {Combinatorial flow over cyclic linear networks},
	Year = {2013},
	Bdsk-Url-1 = {http://dx.doi.org/10.1109/ITW.2013.6691270}}

@phdthesis{chan10phd,
	Author = {Chung Chan},
	Optmonth = sep,
	Optnote = {see \href{http://sites.google.com/site/chungcmit/pub}{[1]}},
	Opturl = {http://sites.google.com/site/chungcmit/pub},
	School = {Massachusetts Institute of Technology},
	Title = {Generating secret in a network},
	Year = {2010}}

@article{gac72,
	Author = {Peter G{\'{a}}cs and J{\'{a}}nos K{\"{o}}rner},
	Journal = {Problems of Control and Information Theory},
	Month = feb,
	Number = {2},
	Pages = {149--162},
	Title = {Common Information is Far Less than Mutual Information},
	Volume = {2},
	Year = {1972}}

@article{chan15mi,
	Author = {Chung Chan and Al-Bashabsheh, A. and Ebrahimi, J.B. and Kaced, T. and Tie Liu},
	Doi = {10.1109/JPROC.2015.2458316},
	Issn = {0018-9219},
	Journal = {Proceedings of the IEEE},
	Keywords = {information theory;learning (artificial intelligence);multiterminal networks;private key cryptography;Dilworth truncation;Shannon mutual information;cointersecting submodular functions;information theory;machine learning;mathematical underpinnings;multiterminal secret-key agreement;multivariate mutual information;source model;Communication system security;Entropy;Mutual information;Network coding;Physical layer;Random variables;Source coding;Telecommunication services;Upper bound;Dilworth truncation;multivariate mutual information;omnivocality;principal partition;principle lattices of partitions;secret-key agreement;submodularity},
	Month = {Oct},
	Number = {10},
	Pages = {1883-1913},
	Title = {Multivariate Mutual Information Inspired by Secret-Key Agreement},
	Volume = {103},
	Year = {2015},
	Bdsk-Url-1 = {http://dx.doi.org/10.1109/JPROC.2015.2458316}}

@book{csiszar2011information,
	Author = {Csiszar, Imre and K{\"o}rner, J{\'a}nos},
	Edition = {2},
	Publisher = {Cambridge University Press},
	Title = {Information theory: coding theorems for discrete memoryless systems},
	Year = {2011}}

@article{csiszar08,
	Author = {Imre Csisz{\'{a}}r and Prakash Narayan},
	Date-Modified = {2017-02-21 13:15:14 +0000},
	Doi = {10.1109/TIT.2008.921705},
	Journal = {IEEE Trans. Inf. Theory},
	Month = {June},
	Number = {6},
	Pages = {2437--2452},
	Title = {Secrecy Capacities for Multiterminal Channel Models},
	Volume = {54},
	Year = {2008},
	Bdsk-Url-1 = {http://dx.doi.org/10.1109/TIT.2008.921705}}

@article{nitinawarat10,
	Author = {Sirin Nitinawarat and Prakash Narayan},
	Doi = {10.1109/TIT.2010.2081450},
	Journal = {IEEE Trans. Inf. Theory},
	Month = dec,
	Number = {12},
	Pages = {6490--6500},
	Title = {Perfect Omniscience, Perfect Secrecy, and Steiner Tree Packing},
	Volume = {56},
	Year = {2010},
	Bdsk-Url-1 = {http://dx.doi.org/10.1109/TIT.2010.2081450}}

@inproceedings{ding15,
	Author = {Ni Ding and Kennedy, R.A. and Sadeghi, P.},
	Booktitle = {Network Coding (NetCod), 2015 International Symposium on},
	Doi = {10.1109/NETCOD.2015.7176786},
	Keywords = {cooperative communication;deterministic algorithms;iterative methods;merging;IM algorithm;NPS-CDE system;cooperative data exchange system;deterministic algorithm;iterative merging algorithm;minimum sum-rate strategy},
	Month = {June},
	Pages = {41-45},
	Title = {Iterative merging algorithm for cooperative data exchange},
	Year = {2015},
	Bdsk-Url-1 = {http://dx.doi.org/10.1109/NETCOD.2015.7176786}}

@article{nitinawarat-ye10,
	Author = {Nitinawarat, S. and Chunxuan Ye and Barg, A. and Narayan, P. and Reznik, A.},
	Doi = {10.1109/TIT.2010.2081210},
	Issn = {0018-9448},
	Journal = {IEEE Trans. Inf. Theory},
	Keywords = {cryptography;trees (mathematics);Steiner trees;combinatorial problem;maximal packing;multigraph;pairwise independent network model;public interterminal communication;secret key capacity;secret key generation;Algorithm design and analysis;Combinatorial mathematics;Cryptography;Steiner trees;PIN model;Steiner tree packing;private key;public communication;secret key capacity;security index;spanning tree packing;wiretap secret key},
	Month = {Dec},
	Number = {12},
	Pages = {6482-6489},
	Title = {Secret Key Generation for a Pairwise Independent Network Model},
	Volume = {56},
	Year = {2010},
	Bdsk-Url-1 = {http://dx.doi.org/10.1109/TIT.2010.2081210}}

@book{schrijver02,
	Author = {Alexander Schrijver},
	Publisher = {Springer},
	Title = {Combinatorial Optimization: Polyhedra and Efficiency},
	Year = {2002}}

@article{han75,
	Author = {Te S. Han},
	Journal = {Information and Control},
	Pages = {337--368},
	Title = {Linear Dependence Structure of the Entropy Space},
	Volume = {29},
	Year = {1975}}

@inproceedings{chan15allerton,
	Author = {C. Chan and T. Liu},
	Booktitle = {2015 53rd Annual Allerton Conference on Communication, Control, and Computing (Allerton)},
	Doi = {10.1109/ALLERTON.2015.7447116},
	Keywords = {approximation theory;learning (artificial intelligence);pattern clustering;trees (mathematics);Chow-Liu tree algorithm;Chow-Liu tree approximation;MIRN;MMI;dependency-tree distributions;general joint distributions;machine learning;multivariate mutual information;mutual information relevance network;mutual-information based approach;random variable clustering;structural similarity;Bioinformatics;Entropy;Genomics;Mutual information;Network coding;Random variables},
	Month = {Sept},
	Pages = {993-999},
	Title = {Clustering by multivariate mutual information under Chow-Liu tree approximation},
	Year = {2015},
	Bdsk-Url-1 = {http://dx.doi.org/10.1109/ALLERTON.2015.7447116}}

@misc{wiki:concensus,
	Author = {Wikipedia},
	Note = {[Online; accessed 23-October-2015]},
	Title = {Consensus clustering --- Wikipedia{,} The Free Encyclopedia},
	Url = {https://en.wikipedia.org/w/index.php?title=Consensus_clustering&oldid=655184860},
	Year = {2015},
	Bdsk-Url-1 = {https://en.wikipedia.org/w/index.php?title=Consensus_clustering&oldid=655184860}}

@misc{hgp,
	Author = {National Human Genome Research Institute},
	Note = {[Online; accessed 23-October-2015]},
	Title = {An Overview of the Human Genome Project},
	Url = {https://www.genome.gov/12011238},
	Year = {2015},
	Bdsk-Url-1 = {https://www.genome.gov/12011238}}

@misc{hcp,
	Author = {Laboratory of Neuro Imaging and Martinos Center for Biomedical Imaging at Massachusetts General Hospital},
	Note = {[Online; accessed 23-October-2015]},
	Title = {Human Connectome Project},
	Url = {http://www.humanconnectomeproject.org/},
	Year = {2015},
	Bdsk-Url-1 = {http://www.humanconnectomeproject.org/}}

@article{hinne2015probabilistic,
	Author = {Hinne, Max and Ekman, Matthias and Janssen, Ronald J and Heskes, Tom and van Gerven, MA},
	Journal = {PloS one},
	Pages = {e0117179},
	Title = {Probabilistic clustering of the human connectome identifies communities and hubs},
	Volume = {10},
	Year = {2015}}

@article{tononi1998functional,
	Author = {Tononi, Giulio and McIntosh, Anthony R and Russell, D Patrick and Edelman, Gerald M},
	Journal = {Neuroimage},
	Number = {2},
	Pages = {133--149},
	Publisher = {Elsevier},
	Title = {Functional clustering: identifying strongly interactive brain regions in neuroimaging data},
	Volume = {7},
	Year = {1998}}

@article{vogelstein2011q,
	Author = {Vogelstein, Joshua T},
	Journal = {Neural systems \& circuits},
	Number = {1},
	Pages = {1--4},
	Publisher = {BioMed Central},
	Title = {Q\&A: What is the Open Connectome Project?},
	Url = {http://www.humanconnectomeproject.org/},
	Volume = {1},
	Year = {2011},
	Bdsk-Url-1 = {http://www.humanconnectomeproject.org/}}

@article{deco15,
	Author = {Deco, Gustavo and Tononi, Giulio and Boly, Melanie and Kringelbach, Morten L},
	Journal = {Nature Reviews Neuroscience},
	Number = {7},
	Pages = {430--439},
	Publisher = {Nature Publishing Group},
	Title = {Rethinking segregation and integration: contributions of whole-brain modelling},
	Volume = {16},
	Year = {2015}}

@article{vishnoi2012laplacian,
	Author = {Vishnoi, Nisheeth K},
	Journal = {Theoretical Computer Science},
	Number = {1-2},
	Pages = {1--141},
	Title = {Laplacian Solvers and Their Algorithmic Applications},
	Volume = {8},
	Year = {2012}}

@book{cover91,
	Author = {Thomas M. Cover and Joy A. Thomas},
	Isbn = {0-471-06259-6},
	Optseries = {Wiley Series in Telecommunications},
	Publisher = {Wiley-Interscience Publication},
	Title = {Elements of Information Theory},
	Year = {1991}}

@book{yeung08,
	Author = {Raymond W. Yeung},
	Publisher = {Springer},
	Title = {Information Theory and Network Coding},
	Year = {2008}}

@article{rosvall2008maps,
	Author = {Rosvall, Martin and Bergstrom, Carl T},
	Journal = {Proceedings of the National Academy of Sciences},
	Number = {4},
	Pages = {1118--1123},
	Publisher = {National Acad Sciences},
	Title = {Maps of random walks on complex networks reveal community structure},
	Volume = {105},
	Year = {2008}}

@article{fujishige78,
	Abstract = {Given a finite set E of random variables, the entropy function h on E is a mapping from the set of all subsets of E into the set of all nonnegative real numbers such that for each A ⊆ E h(A) is the entropy of A. The present paper points out that the entropy function h is a β-function, i.e., a monotone non-decreasing and submodular function with h({\O}) = 0 and that the pair (E, h) is a polymatroid. The polymatroidal structure of a set of random variables induced by the entropy function is fundamental when we deal with the interdependence analysis of random variables such as the information-theoretic correlative analysis, the analysis of multiple-user communication networks, etc. Also, we introduce the notion of the principal partition of a set of random variables by transferring some results in the theory of matroids. },
	Author = {Satoru Fujishige},
	Doi = {http://dx.doi.org/10.1016/S0019-9958(78)91063-X},
	Issn = {0019-9958},
	Journal = {Information and Control},
	Number = {1},
	Opturl = {http://www.sciencedirect.com/science/article/pii/S001999587891063X},
	Pages = {55 - 72},
	Title = {Polymatroidal dependence structure of a set of random variables},
	Volume = {39},
	Year = {1978},
	Bdsk-Url-1 = {http://dx.doi.org/10.1016/S0019-9958(78)91063-X}}

@article{nishihara2014linear,
	Author = {Nishihara, Robert and Jegelka, Stefanie and Jordan, Michael I},
	Journal = {arXiv preprint arXiv:1406.6474},
	Title = {On the linear convergence rate of decomposable submodular function minimization},
	Year = {2014}}

@inproceedings{jegelka2011fast,
	Author = {Jegelka, Stefanie and Lin, Hui and Bilmes, Jeff A},
	Booktitle = {Advances in Neural Information Processing Systems},
	Pages = {460--468},
	Title = {On fast approximate submodular minimization},
	Year = {2011}}

@article{yeung91,
	Author = {Raymond W. Yeung},
	Journal = {IEEE Trans. Inf. Theory},
	Month = may,
	Number = {3},
	Pages = {466--474},
	Title = {A New Outlook on {S}hannon's Information Measures},
	Volume = {37},
	Year = {1991}}

@article{mcgill54,
	Author = {William J. McGill},
	Journal = {Psychometrika},
	Month = jun,
	Number = {2},
	Pages = {97--116},
	Title = {Multivariate Information Transmission},
	Volume = {19},
	Year = {1954}}

@article{watanabe60,
	Author = {Satosi Watanabe},
	Journal = {IBM Journal of Research and Development},
	Number = {1},
	Pages = {66--82},
	Title = {Information Theoretical Analysis of Multivariate Correlation},
	Volume = {4},
	Year = {1960}}

@inproceedings{nagano10,
	Added-At = {2011-11-14T00:00:00.000+0100},
	Author = {Nagano, Kiyohito and Kawahara, Yoshinobu and Iwata, Satoru},
	Biburl = {http://www.bibsonomy.org/bibtex/21e2accf877934fc35c99ced4a4ccecdc/dblp},
	Booktitle = {NIPS},
	Editor = {Lafferty, John D. and Williams, Christopher K. I. and Shawe-Taylor, John and Zemel, Richard S. and Culotta, Aron},
	Ee = {http://books.nips.cc/papers/files/nips23/NIPS2010_0976.pdf},
	Interhash = {fd1dcda5df14ffd32c727472aab536aa},
	Intrahash = {1e2accf877934fc35c99ced4a4ccecdc},
	Keywords = {dblp},
	Opturl = {http://dblp.uni-trier.de/db/conf/nips/nips2010.html#NaganoKI10},
	Pages = {1759-1767},
	Publisher = {Curran Associates, Inc.},
	Timestamp = {2011-11-14T00:00:00.000+0100},
	Title = {Minimum Average Cost Clustering.},
	Year = 2010}

@inproceedings{nagano2011size,
  title={Size-constrained submodular minimization through minimum norm base},
  author={Nagano, Kiyohito and Kawahara, Yoshinobu and Aihara, Kazuyuki},
  booktitle={Proceedings of the 28th International Conference on Machine Learning (ICML-11)},
  pages={977--984},
  year={2011}
}

@article{narayanan90,
	Abstract = {This paper studies the partitions on which a function (μ − λ)(Π)≡∑Ni∈Π(μ−λ)(Ni) reaches a minimum when μ is a submodular function and λ takes values between −∞ and ∞. For a given value of λ such partitions form a lattice which contains more than one element only for a finite set of ``critical values'' of λ. The collection of all such partitions for all values of λ forms a lattice, which we call the principal lattice of partitions of μ. This development has strong parallels with that of the principal partition of μ. We present efficient algorithms for the construction of this lattice for a general submodular function. We also bring out its applications to ``electrical network analysis by decomposition'' and present more efficient algorithms for the cases relevant to such analysis. },
	Author = {H. Narayanan},
	Doi = {http://dx.doi.org/10.1016/0024-3795(91)90070-D},
	Issn = {0024-3795},
	Journal = {Linear Algebra and its Applications},
	Number = {0},
	Opturl = {http://www.sciencedirect.com/science/article/pii/002437959190070D},
	Pages = {179 - 216},
	Title = {The principal lattice of partitions of a submodular function},
	Volume = {144},
	Year = {1990},
	Bdsk-Url-1 = {http://dx.doi.org/10.1016/0024-3795(91)90070-D}}

@misc{wiki:cluster,
	Author = {Wikipedia},
	Note = {[Online; accessed 22-October-2015]},
	Title = {Cluster analysis --- Wikipedia{,} The Free Encyclopedia},
	Url = {https://en.wikipedia.org/w/index.php?title=Cluster_analysis&oldid=686238729},
	Year = {2015},
	Bdsk-Url-1 = {https://en.wikipedia.org/w/index.php?title=Cluster_analysis&oldid=686238729}}

@article{kraskov03,
	Adsnote = {Provided by the SAO/NASA Astrophysics Data System},
	Adsurl = {http://adsabs.harvard.edu/abs/2003q.bio....11039K},
	Author = {{Kraskov}, A. and {St{\"o}gbauer}, H. and {Andrzejak}, R.~G. and {Grassberger}, P.},
	Eprint = {q-bio/0311039},
	Journal = {eprint arXiv:q-bio/0311039},
	Keywords = {Quantitative Biology - Quantitative Methods, Computer Science - Computational Complexity, Physics - Biological Physics},
	Month = nov,
	Title = {{Hierarchical Clustering Based on Mutual Information}},
	Year = 2003}

@incollection{kraskov09,
	Author = {Kraskov, Alexander and Grassberger, Peter},
	Booktitle = {Information Theory and Statistical Learning},
	Doi = {10.1007/978-0-387-84816-7_5},
	Editor = {Emmert-Streib, Frank and Dehmer, Matthias},
	Isbn = {978-0-387-84815-0},
	Keywords = {Keywords},
	Language = {English},
	Pages = {101-123},
	Publisher = {Springer US},
	Title = {MIC: Mutual Information Based Hierarchical Clustering},
	Url = {http://dx.doi.org/10.1007/978-0-387-84816-7_5},
	Year = {2009},
	Bdsk-Url-1 = {http://dx.doi.org/10.1007/978-0-387-84816-7_5}}

@incollection{meila03,
	Author = {Meil\v{a}, Marina},
	Booktitle = {Learning Theory and Kernel Machines},
	Doi = {10.1007/978-3-540-45167-9_14},
	Editor = {Sch{\"o}lkopf, Bernhard and Warmuth, ManfredK.},
	Isbn = {978-3-540-40720-1},
	Keywords = {Clustering; Comparing partitions; Measures of agreement; Information theory; Mutual information},
	Language = {English},
	Pages = {173-187},
	Publisher = {Springer Berlin Heidelberg},
	Series = {Lecture Notes in Computer Science},
	Title = {Comparing Clusterings by the Variation of Information},
	Url = {http://dx.doi.org/10.1007/978-3-540-45167-9_14},
	Volume = {2777},
	Year = {2003},
	Bdsk-Url-1 = {http://dx.doi.org/10.1007/978-3-540-45167-9_14}}

@inproceedings{ver2014discovering,
	Author = {Ver Steeg, Greg and Galstyan, Aram},
	Booktitle = {Advances in Neural Information Processing Systems},
	Pages = {577--585},
	Title = {Discovering structure in high-dimensional data through correlation explanation},
	Year = {2014}}

@article{nemenman04,
	Adsnote = {Provided by the SAO/NASA Astrophysics Data System},
	Adsurl = {http://adsabs.harvard.edu/abs/2004q.bio.....6015N},
	Author = {{Nemenman}, I.},
	Eprint = {q-bio/0406015},
	Journal = {eprint arXiv:q-bio/0406015},
	Keywords = {Quantitative Biology - Quantitative Methods, Computer Science - Information Theory, Mathematics - Statistics, Physics - Data Analysis, Statistics and Probability, Quantitative Biology - Genomics},
	Month = jun,
	Title = {{Information theory, multivariate dependence, and genetic network inference}},
	Year = 2004}

@inproceedings{butte00,
	Author = {Butte, Atul J and Kohane, Isaac S},
	Booktitle = {Pac Symp Biocomput},
	Pages = {418--429},
	Title = {Mutual information relevance networks: functional genomic clustering using pairwise entropy measurements},
	Volume = {5},
	Year = {2000}}

@inproceedings{sharan00,
	Author = {Sharan, Roded and Shamir, Ron},
	Booktitle = {Proc Int Conf Intell Syst Mol Biol},
	Number = {307},
	Pages = {16},
	Title = {CLICK: a clustering algorithm with applications to gene expression analysis},
	Volume = {8},
	Year = {2000}}

@article{amin10a,
	Author = {Gohari, A.A. and Anantharam, V.},
	Date-Modified = {2017-02-21 13:08:03 +0000},
	Doi = {10.1109/TIT.2010.2050832},
	Issn = {0018-9448},
	Journal = {IEEE Trans. Inf. Theory},
	Keywords = {channel model;information-theoretic secure secret key agreement;noiseless public communication channel;noisy discrete memoryless broadcast channel;omniscience communication;passive eavesdropper;probability distribution;shared secret key;source model;verification argument;cryptography;information theory;statistical distributions;},
	Month = aug,
	Number = {8},
	Pages = {3973 -3996},
	Title = {Information-Theoretic Key Agreement of Multiple Terminals---{P}art {I}},
	Volume = {56},
	Year = {2010},
	Bdsk-Url-1 = {http://dx.doi.org/10.1109/TIT.2010.2050832}}

@inproceedings{courtade14,
	Author = {T. A. Courtade and T. R. Halford},
	Booktitle = {Information Theory (ISIT), 2014 IEEE International Symposium on},
	Doi = {10.1109/ISIT.2014.6874938},
	Keywords = {linear codes;probability;NP-hard problem;coded cooperative data exchange problem;linear coding schemes;polynomial time;probability;public transmissions;secret key;Encoding;Indexes;Network coding;Protocols;Random variables;Vectors},
	Month = {June},
	Pages = {776-780},
	Title = {Coded cooperative data exchange for a secret key},
	Year = {2014},
	Bdsk-Url-1 = {http://dx.doi.org/10.1109/ISIT.2014.6874938}}

@article{tyagi13,
	Author = {H. Tyagi},
	Date-Modified = {2017-02-21 13:09:04 +0000},
	Doi = {10.1109/TIT.2013.2264355},
	Issn = {0018-9448},
	Journal = {IEEE Trans. Inf. Theory},
	Keywords = {public key cryptography;random processes;telecommunication security;Wyner notion;binary symmetric sources;common randomness;interactive common information;interactive public communication;invariance property;maximum rate secret key;noiseless public communication channel;secret key capacity;structural equivalence;Communication channels;Educational institutions;Indexes;Joints;Materials;Source coding;Common information;common randomness;interactive common information;interactive communication;secret key capacity},
	Month = {Sept},
	Number = {9},
	Pages = {5627-5640},
	Title = {Common Information and Secret Key Capacity},
	Volume = {59},
	Year = {2013},
	Bdsk-Url-1 = {http://dx.doi.org/10.1109/TIT.2013.2264355}}

@inproceedings{pelillo09,
	Author = {Pelillo, Marcello},
	Booktitle = {Proc. of the NIPS Workshop on Clustering Theory},
	Title = {What is a cluster? Perspectives from game theory},
	Year = {2009}}

@article{agarwal11,
	Author = {Agarwal, Parul and Alam, M Afshar and Biswas, Ranjit},
	Journal = {arXiv preprint arXiv:1110.2610},
	Title = {Issues, Challenges and Tools of Clustering Algorithms},
	Year = {2011}}

@article{kannan2004clusterings,
	Author = {Kannan, Ravi and Vempala, Santosh and Vetta, Adrian},
	Journal = {Journal of the ACM (JACM)},
	Number = {3},
	Pages = {497--515},
	Publisher = {ACM},
	Title = {On clusterings: Good, bad and spectral},
	Volume = {51},
	Year = {2004}}

@article{bansal04,
	Author = {Bansal, Nikhil and Blum, Avrim and Chawla, Shuchi},
	Doi = {10.1023/B:MACH.0000033116.57574.95},
	Issn = {0885-6125},
	Journal = {Machine Learning},
	Keywords = {clustering; approximation algorithm; document classification},
	Language = {English},
	Number = {1-3},
	Pages = {89-113},
	Publisher = {Kluwer Academic Publishers-Plenum Publishers},
	Title = {Correlation Clustering},
	Url = {http://dx.doi.org/10.1023/B%3AMACH.0000033116.57574.95},
	Volume = {56},
	Year = {2004},
	Bdsk-Url-1 = {http://dx.doi.org/10.1023/B%3AMACH.0000033116.57574.95},
	Bdsk-Url-2 = {http://dx.doi.org/10.1023/B:MACH.0000033116.57574.95}}

@article{ailon2008aggregating,
	Author = {Ailon, Nir and Charikar, Moses and Newman, Alantha},
	Journal = {Journal of the ACM (JACM)},
	Number = {5},
	Pages = {23},
	Publisher = {ACM},
	Title = {Aggregating inconsistent information: ranking and clustering},
	Volume = {55},
	Year = {2008}}

@article{pan15,
	Author = {Xinghao Pan and Dimitris Papailiopoulos and Samet Oymak and Benjamin Recht and Kannan Ramchandran and Michael I. Jordan},
	Bibsource = {dblp computer science bibliography, http://dblp.org},
	Biburl = {http://dblp.uni-trier.de/rec/bib/journals/corr/PanPORRJ15},
	Journal = {CoRR},
	Timestamp = {Sun, 02 Aug 2015 18:42:02 +0200},
	Title = {Parallel Correlation Clustering on Big Graphs},
	Url = {http://arxiv.org/abs/1507.05086},
	Volume = {abs/1507.05086},
	Year = {2015},
	Bdsk-Url-1 = {http://arxiv.org/abs/1507.05086}}


@article{gallo89,
  title={A fast parametric maximum flow algorithm and applications},
  author={Gallo, Giorgio and Grigoriadis, Michael D and Tarjan, Robert E},
  journal={SIAM Journal on Computing},
  volume={18},
  number={1},
  pages={30--55},
  year={1989},
  publisher={SIAM}
}

@inproceedings{jupyter2018,
  title={Binder 2.0-Reproducible, interactive, sharable environments for science at scale},
  author={Jupyter, P and Bussonnier, M and Forde, J and Freeman, J and Willing, C Binder, Ragan-Kelley, Benjamin and Willing, Carol},
  booktitle={Python in Science Conference},
  pages={113--20},
  year={2018}
}

@article{lancichinetti2009benchmarks,
  title={Benchmarks for testing community detection algorithms on directed and weighted graphs with overlapping communities},
  author={Lancichinetti, Andrea and Fortunato, Santo},
  journal={Physical Review E},
  volume={80},
  number={1},
  pages={016118},
  year={2009},
  publisher={APS}
}